<record><leader>00000cas a22000007a 4500</leader><controlfield tag="001">18103928</controlfield><controlfield tag="008">880617d19101914nduwr ne      0    0eng d</controlfield><datafield ind1=" " ind2=" " tag="010"><subfield code="a">sn 87096025 </subfield></datafield><datafield ind1=" " ind2=" " tag="040"><subfield code="a">NOP</subfield><subfield code="b">eng</subfield><subfield code="c">NOP</subfield><subfield code="d">OCLCQ</subfield></datafield><datafield ind1=" " ind2=" " tag="042"><subfield code="a">msc</subfield></datafield><datafield ind1="0" ind2="0" tag="245"><subfield code="a">Epworth examiner.</subfield></datafield><datafield ind1=" " ind2=" " tag="260"><subfield code="a">Epworth, Mountrail County, N.D. :</subfield><subfield code="b">Mountrail Pub. Co.</subfield></datafield><datafield ind1=" " ind2=" " tag="300"><subfield code="a">4 v. :</subfield><subfield code="b">ill. ;</subfield><subfield code="c">55 cm.</subfield></datafield><datafield ind1=" " ind2=" " tag="310"><subfield code="a">Weekly</subfield></datafield><datafield ind1="0" ind2=" " tag="362"><subfield code="a">Vol. 1, no. 1 (Mar. 11, 1910)-v. 4, no. 50 (Mar. 13, 1914).</subfield></datafield><datafield ind1=" " ind2=" " tag="500"><subfield code="a">"Legal paper of Mountrail County."</subfield></datafield><datafield ind1=" " ind2=" " tag="530"><subfield code="a">Available on microfilm from the State Historical Society of North Dakota.</subfield></datafield><datafield ind1=" " ind2=" " tag="752"><subfield code="a">United States</subfield><subfield code="b">North Dakota</subfield><subfield code="c">Mountrail</subfield><subfield code="d">Epworth.</subfield></datafield><datafield ind1="0" ind2="0" tag="785"><subfield code="t">Mountrail County Independent</subfield><subfield code="w">(DLC)sn 87096024</subfield></datafield></record>